<collection xmlns="http://www.loc.gov/MARC21/slim">
<record>
  <leader>01225nam0a22002291i 450 </leader>
  <controlfield tag="001">IT\ICCU\CNCE\051314</controlfield>
  <controlfield tag="005">20121206000000.0</controlfield>
  <datafield tag="012" ind1=" " ind2=" ">
    <subfield code="a">m,ei r-m- inr. brIn (3) 1597 (A)</subfield>
    <subfield code="2">fei</subfield>
  </datafield>
  <datafield tag="100" ind1=" " ind2=" ">
    <subfield code="a">20001214d1597        0itac0103    ba</subfield>
  </datafield>
  <datafield tag="101" ind1=" " ind2=" ">
    <subfield code="a">LAT</subfield>
  </datafield>
  <datafield tag="102" ind1=" " ind2=" ">
    <subfield code="a">IT</subfield>
  </datafield>
  <datafield tag="200" ind1="1" ind2=" ">
    <subfield code="a">Index librorum prohibitorum, cum regulis confectis per patres a Tridentina synodo delectos,  auctoritate Pij IIII primum editus. Poste ̉ver ̣ ̉Systo V Auctus,  et nunc demum s .d. n. Clementis papae VIII iussu recognitus, &amp; publicatus, instructione adiecta. De exequendae prohibitionis, deque sincer ̈emendandi, &amp; imprimendi libros, ratione</subfield>
  </datafield>
  <datafield tag="210" ind1=" " ind2=" ">
    <subfield code="a">Taurini</subfield>
    <subfield code="c">apud Io. Dominicum Tarinum</subfield>
    <subfield code="d">1597</subfield>
  </datafield>
  <datafield tag="215" ind1=" " ind2=" ">
    <subfield code="a">156 p.</subfield>
    <subfield code="d">12ʻ</subfield>
  </datafield>
  <datafield tag="500" ind1="1" ind2="1">
    <subfield code="3">IT\ICCU\CNCE\051896</subfield>
    <subfield code="a">Index librorum prohibitorum</subfield>
  </datafield>
  <datafield tag="620" ind1=" " ind2=" ">
    <subfield code="a">IT</subfield>
    <subfield code="d">Torino</subfield>
  </datafield>
  <datafield tag="712" ind1="0" ind2="2">
    <subfield code="a">Santa Sede</subfield>
    <subfield code="b"> : Congregazione dell&apos;Indice</subfield>
    <subfield code="3">IT\ICCU\CNCA\016380</subfield>
  </datafield>
  <datafield tag="712" ind1="0" ind2="0">
    <subfield code="a">Tarino, Giovanni Domenico</subfield>
    <subfield code="3">IT\ICCU\CNCT\000675</subfield>
    <subfield code="4">650</subfield>
  </datafield>
  <datafield tag="791" ind1="0" ind2="2">
    <subfield code="a">Congregazione dell&apos;Indice de&apos; libri proibiti</subfield>
    <subfield code="3">24204</subfield>
    <subfield code="z">Santa Sede : Congregazione dell&apos;Indice</subfield>
  </datafield>
  <datafield tag="791" ind1="0" ind2="0">
    <subfield code="a">Tarinus, Ioannes Dominicus</subfield>
    <subfield code="3">IT\ICCU\CNCT\005573</subfield>
    <subfield code="z">Tarino, Giovanni Domenico</subfield>
  </datafield>
  <datafield tag="801" ind1=" " ind2="3">
    <subfield code="a">IT</subfield>
    <subfield code="b">ICCU</subfield>
    <subfield code="c">20201115</subfield>
  </datafield>
  <datafield tag="899" ind1=" " ind2=" ">
    <subfield code="a">Biblioteca del Museo Camillo Leone. Vercelli</subfield>
    <subfield code="1">VC0120</subfield>
    <subfield code="2">ZVC 07</subfield>
  </datafield>
</record>
</collection>
